@misc{CFD,
	title = {
        {A}{P}{I} reference  |  {C}hrome for {D}evelopers --- developer.chrome.com
    },
	url = {https://developer.chrome.com/docs/extensions/reference/api},
	note = {[Accessed 10-02-2025]},
}
